2842 4592
222 315 225 325 ·
254 294 329 391 ²⁶5⁶
444 319 482 383 a.
513 312 656 370 errru
685 310 781 365 rrrr
807 281 982 369 murru'.
1007 312 1139 371 oxrr.

225 480 381 561 sucula.
432 478 546 549 Pauci
564 494 690 546 tamen
715 470 880 544 bostium
895 492 1007 545 tenus
1027 478 1146 547 exacti
1164 497 1331 569 penetre-

239 576 337 655 'vere
352 581 400 653 ad
421 588 563 653 Porum
582 578 759 649 acerrime
775 593 940 673 pugnant
953 578 1119 647 cientem.
1145 586 1182 649 Is
1196 600 1240 649 vt
1256 580 1331 655 dis·

250 682 383 777 lipatos
398 698 476 751 tota
493 680 572 751 acie
585 702 718 749 currus
739 678 865 773 vagari
882 676 959 749 line
983 681 1184 751 rectoribus
1204 683 1326 767 vidits

200 782 436 881 topraximis
451 780 657 852 amicorum
680 778 874 853 distribuit
896 780 1124 871 elephantos.
1156 780 1233 875 poll
1257 808 1324 853 eos

247 885 421 981 posuerat
436 886 578 979 pedites
607 907 649 953 ec
671 880 880 979 sagittarios
906 899 944 951 et
972 900 1152 973 tympana
1180 882 1343 979 pulsare·

247 986 389 1059 solitos.
413 984 451 1059 id
471 1008 536 1077 pro
555 1001 672 1054 sanus
693 984 871 1053 tubarum
893 982 995 1052 Indis
1021 1004 1120 1053 erat:
1149 1010 1219 1055 nec
1241 983 1342 1065 fite,
1409 1040 1416 1046 .

194 1162 203 1179 ¹
245 1086 333 1181 pitu
349 1110 480 1158 eorum
492 1088 763 1166 mouebantur,
787 1084 882 1156 olim
899 1087 1094 1155 adnutum
1112 1085 1244 1157 lanum
1259 1112 1325 1157 su·

197 1189 349 1263 nribus
366 1185 563 1285 mitigatis.
610 1188 782 1259 Herculis
808 1184 1046 1259 simulacrum
1061 1188 1208 1283 agmini
1222 1188 1326 1282 pedi·

169 1328 176 1343 ·
245 1309 329 1363 tum
344 1289 627 1385 praeferebatur.
651 1287 691 1357 id
706 1286 918 1357 maximum
931 1305 1009 1357 erat
1024 1289 1250 1361 bellantibus
1267 1289 1326 1360 in·

242 1374 528 1477 dumentumf
551 1410 590 1460 et
616 1388 806 1460 deseruille
830 1386 1011 1485 gestantes
1033 1389 1200 1487 militare
1223 1390 1324 1489 dagi-

191 1496 348 1569 ntium
364 1491 580 1566 hebebatur.
633 1490 772 1585 Capitis
799 1494 911 1562 etiarn
938 1490 1134 1563 iunxerant
1160 1500 1320 1587 poenam

179 1612 183 1627 ’
242 1597 312 1683 iia,
343 1597 414 1691 qui
436 1618 484 1667 ex
505 1592 584 1665 acis
603 1616 683 1663 non
711 1590 938 1675 retulillent3
970 1612 1096 1679 metu,
1137 1618 1251 1691 quern
1271 1618 1319 1667 ex

241 1697 313 1773 illo
335 1687 439 1771 bolla
459 1696 652 1793 quondam
676 1712 942 1786 conceperant,
982 1695 1095 1765 etiam
1109 1694 1150 1765 in
1170 1697 1321 1794 religio·

178 1820 190 1851 ⁴
241 1822 334 1873 uem
354 1799 714 1891 venerationemque
740 1795 932 1867 conuerso.
983 1796 1209 1870 Macedonas
1240 1823 1321 1871 nou

237 1900 453 1975 belluarum
471 1898 608 1983 ruodo,
646 1896 709 1969 led
735 1895 850 1970 etiam
870 1895 983 1989 ipfius
1010 1899 1106 1997 regis
1128 1896 1321 1993 adspectus
1399 1906 1404 1915 '

190 1998 646 2100 13parumperinbibuiu'
687 2000 840 2071 Bellone
865 1997 1063 2094 dispositae
1084 1999 1182 2076 inter
1200 2024 1321 2072 arma·

94 2102 102 2118 ⁴
240 2124 300 2177 tos
316 2104 477 2202 speciem
492 2102 656 2193 turrium
671 2103 807 2197 procul
820 2099 996 2183 fecerant
1021 2100 1098 2196 iple
1112 2106 1229 2173 Porus
1245 2103 1318 2171 hu·

239 2232 373 2281 manae
404 2202 678 2304 magnitudinis
704 2204 979 2296 propemodum
1008 2200 1202 2275 excelleret
1236 2202 1315 2272 for·

240 2334 357 2382 mam.
403 2304 663 2405 Magnitudini
680 2301 769 2377 Pori
787 2304 943 2380 adiicere
963 2304 1160 2375 videbatur
1178 2304 1313 2392 bellua,

194 2401 204 2421 ‘
240 2434 314 2509 que
356 2409 579 2493 vehebatur,
630 2424 779 2477 tontum
816 2409 917 2475 inter
954 2422 1093 2477 ceteras
1134 2407 1314 2493 eminens,

190 2528 386 2609 :equanto
406 2511 491 2582 aliis
512 2508 589 2603 ipse
602 2504 813 2602 praestabat
836 2514 970 2601 Itaque
984 2508 1212 2594 Alexander,
1226 2530 1316 2599 aon:

238 2614 443 2707 templatus
453 2631 492 2682 et
506 2634 631 2709 regem
647 2625 685 2681 et
699 2629 834 2706 agmen
847 2611 1049 2695 Indorum,
1073 2612 1238 2694 tandem,
1257 2609 1325 2679 iu*

240 2715 344 2807 quit,
375 2740 444 2809 par
473 2714 593 2784 arrimo
616 2735 696 2783 meo
728 2715 923 2804 periculum
942 2714 1058 2783 video.
1095 2737 1177 2783 cum
1199 2704 1317 2807 hestiis

171 2808 346 2918 ,rfifimut
376 2831 414 2889 et
442 2840 524 2885 cum
539 2816 697 2913 egregiis
713 2815 800 2882 viris
820 2838 875 2882 res
890 2804 952 2909 est.
982 2818 1315 2912 IntuensqueCoeg

237 2943 336 2999 uon,
364 2921 486 3014 Quum
509 2941 599 3015 ega,
619 2913 764 3007 iuquit,
786 2915 996 3015 Ptolemaeo
1012 2917 1250 3007 Perdiccaque
1277 2931 1317 2985 ee
1404 2947 1408 2953 ·

237 3010 499 3113 Hephaestione
514 3020 704 3088 contitutus
726 3019 763 3083 in
787 3016 932 3098 laeuum
948 3007 1101 3113 hostium
1122 3039 1234 3085 corrue
1261 3019 1315 3086 in·

235 3114 517 3216 petumfecero,
549 3121 747 3211 viderisque
760 3118 818 3196 nie
839 3120 874 3185 in
902 3121 1020 3188 aredio
1045 3118 1175 3188 ardon
1197 3132 1315 3187 certa-

184 3298 192 3317 ,
228 3225 363 3302 ,mittin
393 3212 465 3319 ipse
487 3222 659 3293 dextrum
685 3241 809 3302 triaue,
840 3236 877 3290 et
897 3217 1051 3290 turbatis
1064 3210 1183 3317 figaa
1205 3212 1309 3315 infer.

241 3328 300 3402 Tu
316 3325 533 3421 Antigenes,
559 3339 595 3393 et
611 3338 653 3391 tu
663 3324 844 3390 Leonnato
865 3337 902 3390 er
924 3324 1083 3404 Tauros,
1107 3316 1311 3389 arrrehimiui
1344 3317 1352 3327 “

185 3427 271 3499 rtiin
288 3428 446 3496 mediam
459 3426 582 3507 aciem,
593 3439 630 3493 er
644 3418 816 3519 urgebitis
824 3415 1002 3518 frontem
1013 3412 1152 3517 Hastae
1168 3410 1312 3518 nostrae

233 3528 456 3627 praelongae
472 3542 508 3595 et
522 3524 665 3596 validae
680 3545 752 3591 nou
770 3524 862 3593 alias
874 3524 994 3621 rrzagis
1011 3547 1123 3616 quam
1138 3512 1312 3617 aduersus

233 3627 369 3699 belluas
385 3642 606 3721 rectoresque
628 3646 752 3697 earum
778 3615 859 3721 usui
881 3617 950 3726 effe
967 3638 1168 3717 poterauts
1191 3626 1313 3693 detur·

153 3791 157 3795 .
234 3729 316 3801 bate
336 3753 414 3817 eos,
439 3730 501 3825 qra'
520 3726 716 3810 vehuntur,
737 3740 773 3797 et
786 3714 882 3821 ipsas
901 3720 1122 3821 earrfrardite.
1168 3726 1313 3815 Anceps
1345 3805 1352 3815 .

75 3848 84 3863 ‘
231 3850 349 3934 gertus
363 3832 489 3901 auxilii
504 3821 573 3926 est,
600 3844 636 3899 et
652 3830 688 3895 in
696 3816 789 3923 suos
812 3828 929 3896 acrius
954 3820 1063 3923 furit.
1109 3830 1153 3894 In
1174 3814 1313 3919 hostem

183 3936 326 4029 r7eaim
344 3933 510 4029 imperio,
534 3932 569 3999 in
579 3918 666 4029 [uos
685 3948 824 4023 pauore
845 3930 983 4028 agina.
1026 3930 1129 3999 Haeo
1152 3925 1313 4021 eloquu-
